-----------GPS--------------------

@article{fallas2002sistema,
  title={Sistema de Posicionamiento Global},
  author={Fallas, Jorge},
  journal={Universidad Nacional., Laboratorio de teledetecci{\'o}n y sistemas de informaci{\'o}n geogr{\'a}fica. Escuela de Ciencias Ambientales y Programa Regional en Manejo de Vida Silvestre. Universidad Nacional. Heredia, Costa Rica},
  year={2002}
}

@misc{gps_gov,
  author = {{U.S. National Coordination Office for space-based positioning navigation and timing}},
  title = {{Official U.S. government information about the Global Positioning System (GPS) and related topics}},
  howpublished = {\url{http://www.gps.gov/systems/gps/space/}},
  note = {Accesado el 04 Abril, 2017},
  year = {2017},
}

@manual{ubloxc94,
  title={C94-M8P u-blox RTK Application Board Package, User Guide},
  author={U-Blox},
  year={2016},
  publisher={www.u-blox.com}
}

@manual{nsraw,
  title={NavSpark User Guide},
  author={NavSpark},
  year={2016},
  publisher={navspark.mybigcommerce.com}
}

@article{termal2014prototipo,
  title={Prototipo de comunicaci{\'o}n entre taxis-polic{\'\i}a para la seguridad ciudadana},
  author={Termal, Zambrano and Jairo, Jhon},
  year={2014},
  publisher={Ingenierias}
}

@book{sonnenberg2013radar,
  title={Radar and electronic navigation},
  author={Sonnenberg, Gerrit Jacobus},
  year={2013},
  publisher={Elsevier}
}


@book{farrell2008aided,
  title={Aided navigation: GPS with high rate sensors},
  author={Farrell, Jay},
  year={2008},
  publisher={McGraw-Hill, Inc.}
}

@phdthesis{chafer2017diseno,
  title={Dise{\~n}o de procedimiento Point-In-Sapce LPV para el helipuerto de airbus helicopters (Albacete, espa{\~n}a) basado en tecnolog{\'\i}a GNSS y utilizando EGNOS como sistema de sat{\'e}lites de aumentaci{\'o}n europeo},
  author={CH{\'A}FER, LUC{\'I}A SENCHERM{\'E}S},
  year={2017}
}


@article{pozo2000sistema,
  title={Sistema de posicionamiento global (GPS): Descripci{\'o}n, an{\'a}lisis de errores, aplicaciones y futuro},
  author={Pozo-Ruz, A and Ribeiro, A and Garc{\'\i}a-Alegre, MC and Garc{\'\i}a, L and Guinea, D and Sandoval, F},
  journal={ETS Ingenieros de Telecomunicaciones. Universidad de M{\'a}laga},
  year={2000}
}

@article{huerta2005gps,
  title={GPS: posicionamiento satelital},
  author={Huerta, Eduardo and Mangiaterra, Aldo and Noguera, GUSTAVO},
  journal={Rosario: UNR Editora, Universidad Nacional de Rosario},
  year={2005}
}

@article{cerrato2011diseno,
  title={Dise{\~n}o e implementaci{\'o}n de una aplicaci{\'o}n visual para el control de flotas basado en GPS},
  author={Cerrato Miranda, Javier},
  year={2011}
}

@misc{mueller1994networked,
  title={Networked differential GPS system},
  author={Mueller, K Tysen and Loomis, Peter VW and Kalafus, Rudolph M and Sheynblat, Leonid},
  year={1994},
  month=jun # "~21",
  publisher={Google Patents},
  note={US Patent 5,323,322}
}

@misc{class1994differential,
  title={Differential GPS landing assistance system},
  author={Class, Kim A and Hartman, Randolph G and Helgeson, Brett J},
  year={1994},
  month=nov # "~1",
  publisher={Google Patents},
  note={US Patent 5,361,212}
}

@article{najera2015actualizacion,
  title={Actualizaci{\'o}n geom{\'e}trica de la Carta Hidrogr{\'a}fica del Valle de M{\'e}xico de 1862, dirigida por Francisco D{\'\i}az Covarrubias},
  author={N{\'a}jera Jantes, Eleny},
  year={2015}
}

---------- BEAGLEBONE --------------------
@phdthesis{coronado2014desarrollo,
  title={Desarrollo de aplicaciones embebidas de control en robots m{\'o}viles},
  author={Coronado Vall{\'e}s, Jorge},
  year={2014}
}

@article{coley2013beaglebone,
  title={Beaglebone black system reference manual},
  author={Coley, Gerald},
  journal={Texas Instruments, Dallas},
  year={2013}
}

----- Software libre y Linux -------------------

@book{i2005software,
  title={Software libre: t{\'e}cnicamente viable, econ{\'o}micamente sostenible y socialmente justo},
  author={i Hern{\`a}ndez, Jordi Mas},
  year={2005},
  publisher={Infonomia}
}

@manual{debian,
  title={Gu{\'i}a de instalaci{\'o}n de Debian GNU/Linux},
  author={El Equipo de Debian},
  year={2015},
  publisher={https://www.debian.org/releases/stable/mips/index.html.es}
}

@article{garcia2007promocion,
  title={La promoci{\'o}n del uso del software libre por parte de las universidades},
  author={Garc{\'\i}a, Ana Mar{\'\i}a Delgado and Cuello, Rafael Oliver},
  journal={Revista de Educaci{\'o}n a Distancia},
  number={17},
  year={2007}
}

@article{gomez2010desarrollo,
  title={Desarrollo de una Infraestructura de Datos Espaciales Ferroviaria basada en Software Libre},
  author={G{\'o}mez Casta{\~n}o, Jos{\'e}},
  year={2010},
  publisher={Universitat de Girona. Servei de Sistemes d'Informaci{\'o} Geogr{\`a}fica i Teledetecci{\'o}}
}

-------- XBEE & ZigBEE Protocol ----------------

@book{faludi2010building,
  title={Building wireless sensor networks: with ZigBee, XBee, arduino, and processing},
  author={Faludi, Robert},
  year={2010},
  publisher={" O'Reilly Media, Inc."}
}

@article{oyarce2010guia,
  title={Gu{\'\i}a del usuario Xbee series 1},
  author={Oyarce, Andr{\'e}s and Aguayo, Paul and Martin, Eduard},
  journal={Ingenier{\'\i}a MCI Ltda},
  year={2010}
}

@article{miranda2014diseno,
  title={Dise{\~n}o e implementaci{\'o}n de un sistema de comunicaci{\'o}n inal{\'a}mbrico dedicado a la dom{\'o}tica, controlado a trav{\'e}s de una tablet, utilizando tarjetas de comunicaci{\'o}n inal{\'a}mbrica y la programaci{\'o}n de los mismos},
  author={Miranda Proa{\~n}o, Andr{\'e}s Mauricio},
  year={2014},
  publisher={Quito, 2014}
}

@article{casanovafacultad,
  title={Facultad de Ciencias de la Ingenier{\'\i}a},
  author={Casanova, Paulo Antonio Gallardo}
}

@phdthesis{chavez2013diseno,
  title={Diseño de un electromi{\'o}grafo inal{\'a}mbrico},
  author={Chavez Lopez, Jersain and San Juan Nava, Cinthya Beatriz},
  year={2013}
}

@article{perez2008comunicacion,
  title={Comunicaci{\'o}n entre veh{\'\i}culos aut{\'o}nomos en Tiempo Real, para maniobras de alto riesgo},
  author={P{\'e}rez, Joshu{\'e} and Onieva, Enrique and de Pedro, Teresa and Garc{\'\i}a, Ricardo and Alonso, Javier and Milanes, Vicente and Gonz{\'a}lez, Carlos},
  journal={XXIX Jornadas de Autom{\'a}tica, Tarragona},
  year={2008}
}


----------- Com. Inalámbrica ---------

@article{tapia2007identificacion,
  title={Identificacion por radiofrecuencia: fundamentos y aplicaciones},
  author={Tapia, Dante I and Cueli, Jos{\'e} R and Garc{\'\i}a, {\'O}scar and Corchado, Juan M and Bajo, Javier and Saavedra, Alberto},
  journal={Proceedings de las primeras Jornadas Cient{\'\i}ficas sobre RFID. Ciudad Real, Spain},
  pages={1--5},
  year={2007}
}


----------- Drones -------------------

@techreport{addati2014introduccion,
  title={Introducci{\'o}n a los UAVs, Drones o VANTs de uso Civil},
  author={Addati, Gast{\'o}n A and Lance, Gabriel P{\'e}rez},
  year={2014},
  institution={Universidad del CEMA}
}

@article{haluani2015tecnologia,
  title={La tecnolog{\'\i}a avi{\'o}nica militar en los conflictos asim{\'e}tricos: historia, tipos y funciones de los drones letales},
  author={Haluani, Makram},
  journal={Cuestiones Pol{\'\i}ticas},
  volume={30},
  number={52},
  year={2015}
}

@article{diaz2015drones,
  title={Drones y su aplicaci{\'o}n en materia de seguridad y salud en el trabajo},
  author={D{\'\i}az Cantos, {\'O}scar},
  year={2015}
}

@article{barrientos2007vehiculos,
  title={Veh{\'\i}culos a{\'e}reos no tripulados para uso civil. Tecnolog{\'\i}a y aplicaciones},
  author={Barrientos, A and del Cerro, J and Guti{\'e}rrez, P and San Mart{\'\i}n, R and Mart{\'\i}nez, A and Rossi, C},
  journal={Universidad polit{\'e}cnica de Madrid, Madrid},
  year={2007}
}

@book{fahlstrom2012introduction,
  title={Introduction to UAV systems},
  author={Fahlstrom, Paul and Gleason, Thomas},
  year={2012},
  publisher={John Wiley \& Sons}
}


---------------- Trabajos Previos ------------------------
@inproceedings{de1993aplicaciones,
  title={Aplicaciones del sistema de posicionamiento global (GPS) en el levantamiento de superficies quemadas},
  author={de Zavala Morencos, Ignacio and de Zavala Giron{\'e}s, Miguel A},
  booktitle={Congresos-CARGA FINAL},
  year={1993}
}

@article{zarate2011monitoreo,
  title={Monitoreo de movimientos de ladera en el sector de San Pedro de Vilcabamba mediante procedimientos GPS},
  author={Z{\'a}rate Torres, Belizario A and others},
  year={2011},
  publisher={Universidad de Cuenca}
}

@article{lopezevaluacion,
  title={Evaluaci{\'o}n de collares GPS para el seguimiento de la cabra mont{\'e}s (Capra pyrenaica, Schinz 1838) en un macizo monta{\~n}oso mediterr{\'a}neo},
  author={L{\'O}PEZ-MART{\'I}N, JM and SUCH-SANZ, {\`A} and MART{\'I}NEZ-MART{\'I}NEZ, D}
}

@phdthesis{de2011diseno,
  title={Diseño de una estrategia log{\'i}stica de rutas para la distribuc{\'i}on de productos farmac{\'e}uticos.},
  author={De la Cruz Bautista, Veronica and Luna Vazquez, MA and Navarro Tapia, Tatiana and Robles Valdez, Edgar O and Ramirez Arguelles, Mario A},
  year={2011}
}

@article{mendoza2004recomendaciones,
  title={Recomendaciones de actualizaci{\'o}n de algunos elementos del proyecto geom{\'e}trico de carreteras.},
  author={Mendoza Diaz, A and Abarca Perez, E and Mayoral Grajeda, EF and Quintero Pereda, FL},
  journal={Publicaci{\'o}n t{\'e}cnica},
  number={244},
  year={2004}
}

@article{ronnback2000developement,
  title={Developement of a INS/GPS navigation loop for an UAV},
  author={R{\"o}nnb{\"a}ck, Sven},
  journal={Master's thesis},
  volume={81},
  year={2000}
}

@article{maldonado2010controlador,
  title={Controlador de posici{\'o}n para un veh{\'\i}culo a{\'e}reo de 4 rotores realimentado por GPS.},
  author={Maldonado Hidalgo, Diego Armando and Ram{\'\i}rez Acosta, Christian Felipe and Villarreal Quintero, Miguel Eduardo},
  year={2010}
}

--------------- Real Time Kinematics ---------------------
@article{morenovehiculo,
  title={Veh{\i}culo robotizado para el levantamiento autom{\'a}tico de carreteras en 3D},
  author={Moreno, Francisco-Angel and Gonz{\'a}lez, Javier and Blanco, Jos{\'e}-Luis and Esteban, Antonio}
}

@inproceedings{en2007navegacion,
  title={Navegaci{\'o}n por Sat{\'e}lite II: M{\'a}s all{\'a} de los GNSS},
  author={en Navegaci{\'o}n, Estrategia Europea},
  booktitle={anales de mec{\'a}nica y electricidad},
  year={2007}
}

@article{rubinov2011review,
  title={Review of GNSS formats for real-time positioning},
  author={Rubinov, Eldar and Collier, Phil and Fuller, Simon and Seager, James},
  journal={Africa GEO},
  volume={2011},
  year={2011}
}

@inproceedings{encarnacion2016rtklib,
  title={RTKLIB-based GPS localization for multipath mitigation in ITS applications},
  author={Encarnacion, Immanuel V and Tiglao, Nestor Michael C},
  booktitle={Ubiquitous and Future Networks (ICUFN), 2016 Eighth International Conference on},
  pages={1077--1082},
  year={2016},
  organization={IEEE}
}

@inproceedings{takasu2009development,
  title={Development of the low-cost RTK-GPS receiver with an open source program package RTKLIB},
  author={Takasu, Tomoji and Yasuda, Akio},
  booktitle={international symposium on GPS/GNSS},
  pages={4--6},
  year={2009},
  organization={International Convention Centre Jeju, Korea}
}

@article{wisniewski2013evaluation,
  title={Evaluation of RTKLIB's Positioning Accuracy Usingn low-cost GNSS Receiver and ASG-EUPOS},
  author={Wi{\'s}niewski, B and Bruniecki, Krzysztof and Moszy{\'n}ski, Marek},
  journal={TransNav: International Journal on Marine Navigation and Safety of Sea Transportation},
  volume={7},
  number={1},
  pages={79--85},
  year={2013}
}


----------------- Sistemas Embebidos --------------------------
@article{caballero2014desarrollo,
  title={Desarrollo de un controlador midi no convencional, implementado en un sistema embebido, utilizando el kinect},
  author={Caballero Paz, Andr{\'e}s},
  year={2014},
  publisher={Ingenierias}
}






